@article{brummayer2009lemmas,
title={Lemmas on Demand for the Extensional Theory of Arrays},
author={Brummayer, Robert and Biere, Armin},
journal={Journal on Satisfiability, Boolean Modeling and Computation},
volume={6},
pages={165--201},
year={2009}
}

@article{mccarthy1993towards,
title={Towards a Mathematical Science of Computation},
author={Mccarthy, John},
pages={35--56},
year={1993}}